@inproceedings{thompson,
  series = {STOC ’79},
  title = {Area-time complexity for VLSI},
  url = {http://dx.doi.org/10.1145/800135.804401},
  DOI = {10.1145/800135.804401},
  booktitle = {Proceedings of the eleventh annual ACM symposium on Theory of computing  - STOC ’79},
  publisher = {ACM Press},
  author = {Thompson,  C. D.},
  year = {1979},
  pages = {81–88},
  collection = {STOC ’79}
}

@inproceedings{leiserson,
  title = {Area-efficient graph layouts},
  url = {http://dx.doi.org/10.1109/SFCS.1980.13},
  DOI = {10.1109/sfcs.1980.13},
  booktitle = {21st Annual Symposium on Foundations of Computer Science (sfcs 1980)},
  publisher = {IEEE},
  author = {Leiserson,  Charles E.},
  year = {1980},
  month = oct 
}

@article{valiant,
  title = {Universality considerations in VLSI circuits},
  volume = {C–30},
  ISSN = {0018-9340},
  url = {http://dx.doi.org/10.1109/TC.1981.6312176},
  DOI = {10.1109/tc.1981.6312176},
  number = {2},
  journal = {IEEE Transactions on Computers},
  publisher = {Institute of Electrical and Electronics Engineers (IEEE)},
  author = {Valiant,  Leslie G.},
  year = {1981},
  month = feb,
  pages = {135–140}
}

@article{brent,
  title = {On the area of binary tree layouts},
  volume = {11},
  ISSN = {0020-0190},
  url = {http://dx.doi.org/10.1016/0020-0190(80)90034-4},
  DOI = {10.1016/0020-0190(80)90034-4},
  number = {1},
  journal = {Information Processing Letters},
  publisher = {Elsevier BV},
  author = {Brent,  R.P. and Kung,  H.T.},
  year = {1980},
  month = aug,
  pages = {46–48}
}

@inproceedings{yeh,
  title = {Efficient VLSI layouts of hypercubic networks},
  volume = {9},
  url = {http://dx.doi.org/10.1109/FMPC.1999.750589},
  DOI = {10.1109/fmpc.1999.750589},
  booktitle = {Proceedings. Frontiers ’99. Seventh Symposium on the Frontiers of Massively Parallel Computation},
  publisher = {IEEE},
  author = {Chi-Hsiang Yeh and Varvarigos,  E.A. and Parhami,  B.},
  year = {1999},
  pages = {98–105}
}

@inbook{butterwise,
  title = {Compact Layouts of Banyan/FFT Networks},
  ISBN = {9783642684029},
  url = {http://dx.doi.org/10.1007/978-3-642-68402-9_21},
  DOI = {10.1007/978-3-642-68402-9_21},
  booktitle = {VLSI Systems and Computations},
  publisher = {Springer Berlin Heidelberg},
  author = {Wise,  David S.},
  year = {1981},
  pages = {186–195}
}

@article{seven,
  title = {Embedding interconnection networks in grids via the layered cross product},
  volume = {36},
  ISSN = {1097-0037},
  url = {http://dx.doi.org/10.1002/1097-0037(200009)36:2<91::AID-NET3>3.0.CO;2-4},
  DOI = {10.1002/1097-0037(200009)36:2<91::aid-net3>3.0.co;2-4},
  number = {2},
  journal = {Networks},
  publisher = {Wiley},
  author = {Even,  Guy and Even,  Shimon},
  year = {2000},
  pages = {91–95}
}

@article{evenlitman,
  title = {Layered cross product - A technique to construct interconnection networks},
  volume = {29},
  ISSN = {1097-0037},
  url = {http://dx.doi.org/10.1002/(SICI)1097-0037(199707)29:4<219::AID-NET5>3.0.CO;2-I},
  DOI = {10.1002/(sici)1097-0037(199707)29:4<219::aid-net5>3.0.co;2-i},
  number = {4},
  journal = {Networks},
  publisher = {Wiley},
  author = {Even,  Shimon and Litman,  Ami},
  year = {1997},
  month = jul,
  pages = {219–223}
}
